<?xml version="1.0" encoding="UTF-8"?><collection xmlns="http://www.loc.gov/MARC21/slim"><record><leader>00430nam--2200157-i-4500</leader><controlfield tag="001">000013225</controlfield><controlfield tag="002">20161230</controlfield><controlfield tag="005">20170302171802</controlfield><controlfield tag="008">060222s1000------------r-----000-0-eng-d</controlfield><datafield ind1=" " ind2=" " tag="245"><subfield code="a">Electron-molecule scattering</subfield></datafield><datafield ind1=" " ind2=" " tag="260"><subfield code="a">New York</subfield><subfield code="b">John Wiley &amp; Sons</subfield><subfield code="c">1979</subfield></datafield><datafield ind1=" " ind2=" " tag="300"><subfield code="a">X + 196 p</subfield></datafield><datafield ind1=" " ind2=" " tag="490"><subfield code="a">Wiley Series In Plasma Physics</subfield></datafield><datafield ind1=" " ind2=" " tag="700"><subfield code="a">Brown, Sanbord C</subfield></datafield><datafield ind1=" " ind2=" " tag="852"><subfield code="a">537.874.4.6:535.375.55/56</subfield></datafield><datafield ind1=" " ind2=" " tag="CAT"><subfield code="a">SYS</subfield><subfield code="c">20170302</subfield><subfield code="h">171802</subfield></datafield></record></collection>